@book{adorno1980gesammelte,
  title={Gesammelte Schriften: Minima Moralia: Reflexionen aus d. besch{\"a}digten Leben Minima Moralia. Reflektionen aus d. besch{\"a}digten Leben.-1980},
  author={Adorno, Theodor Wiesengrund},
  year={1980},
  publisher={Suhrkamp}
}
